<?xml version="1.0" encoding="UTF-8" ?>
<collection xmlns:xsi="http://www.w3.org/2001/XMLSchema-instance"
    xsi:schemaLocation="http://www.loc.gov/MARC21/slim
        http://www.loc.gov/standards/marcxml/schema/MARC21slim.xsd"
    xmlns="http://www.loc.gov/MARC21/slim">
<record>
  <leader>00232cam a2200433 ia4500</leader>
  <controlfield tag="001">b1233246x</controlfield>
  <controlfield tag="003">LeBAU</controlfield>
  <controlfield tag="005">20130911</controlfield>
  <controlfield tag="008">970131s1904    ua            ||0 0 ara d</controlfield>
  <datafield tag="035" ind1=" " ind2=" ">
    <subfield code="a">ocn784207012</subfield>
  </datafield>
  <datafield tag="040" ind1=" " ind2=" ">
    <subfield code="a">LEAUB</subfield>
    <subfield code="b">ara</subfield>
    <subfield code="e">rda</subfield>
    <subfield code="c">LEAUB</subfield>
    <subfield code="d">LEAUB</subfield>
  </datafield>
  <datafield tag="082" ind1="0" ind2="4">
    <subfield code="a">297</subfield>
    <subfield code="2">22</subfield>
  </datafield>
  <datafield tag="100" ind1="1" ind2=" ">
    <subfield code="6">880-01</subfield>
    <subfield code="a">Ibn Taymīyah, Aḥmad ibn ʻAbd al-Ḥalīm,</subfield>
    <subfield code="d">1263-1328,</subfield>
    <subfield code="e">author.</subfield>
  </datafield>
  <datafield tag="245" ind1="1" ind2="0">
    <subfield code="6">880-02</subfield>
    <subfield code="a">Majmū‘at al-rasā’il al-kubrá /</subfield>
    <subfield code="c">ta’līf shaykh al-Islām Taqī al-Dīn Abī al-‘Abbās Aḥmad ibn ‘Abd al-Ḥalīm ibn ‘Abd al-Salām ibn Taymīyah al-Ḥarrānī al-Dimashqī al-mutawaffá sanat 728.</subfield>
  </datafield>
  <datafield tag="250" ind1=" " ind2=" ">
    <subfield code="6">880-03</subfield>
    <subfield code="a">al-Ṭab‘ah al-ūlá.</subfield>
  </datafield>
  <datafield tag="264" ind1=" " ind2="1">
    <subfield code="6">880-04</subfield>
    <subfield code="a">Miṣr :</subfield>
    <subfield code="b">al-Maṭba‘ah al-‘Āmirah al-Sharafīyah,</subfield>
    <subfield code="c">1322 [H.], [1904? M.]</subfield>
  </datafield>
  <datafield tag="300" ind1=" " ind2=" ">
    <subfield code="6">880-05</subfield>
    <subfield code="a">2 volumes ;</subfield>
    <subfield code="c">24 cm</subfield>
  </datafield>
  <datafield tag="336" ind1=" " ind2=" ">
    <subfield code="a">text</subfield>
    <subfield code="b">txt</subfield>
    <subfield code="2">rdacontent</subfield>
  </datafield>
  <datafield tag="337" ind1=" " ind2=" ">
    <subfield code="a">unmediated</subfield>
    <subfield code="b">n</subfield>
    <subfield code="2">rdamedia</subfield>
  </datafield>
  <datafield tag="338" ind1=" " ind2=" ">
    <subfield code="a">volume</subfield>
    <subfield code="b">nc</subfield>
    <subfield code="2">rdacarrier</subfield>
  </datafield>
  <datafield tag="500" ind1=" " ind2=" ">
    <subfield code="a"> "الأولى رسالة الفرقان بين الحق والباطل، وهو مما صنفه أخيراً بقلعة دمشق المحروسة"--صفحة العنوان.</subfield>
  </datafield>
  <datafield tag="505" ind1="0" ind2="0">
    <subfield code="t">مجموعة الرسائل الكبرى:</subfield>
    <subfield code="g">الجزء الأول، الرسالة الأولى.</subfield>
    <subfield code="t">رسالة الفرقان بين الحق والباطل --</subfield>
    <subfield code="g">الجزء الأول، الرسالة الثانية.</subfield>
    <subfield code="t">معارج الوصول --</subfield>
    <subfield code="g">الجزء الأول، الرسالة الثالثة.</subfield>
    <subfield code="t">التبيان في نزول القرآن --</subfield>
    <subfield code="g">الجزء الأول، الرسالة الرابعة</subfield>
    <subfield code="t">الوصية الصغرى --</subfield>
    <subfield code="g">الجزء الأول، الرسالة الخامسة.</subfield>
    <subfield code="t">النية --</subfield>
    <subfield code="g">الجزء الأول، الرسالة السادسة.</subfield>
    <subfield code="t">الرسالة العرشية --</subfield>
    <subfield code="g">الجزء الأول، الرسالة السابعة.</subfield>
    <subfield code="t">الوصية الكبرى --</subfield>
    <subfield code="g">الجزء الأول، الرسالة الثامنة.</subfield>
    <subfield code="t">الإدارة والأمر --</subfield>
    <subfield code="g">الجزء الأول، الرسالة التاسعة.</subfield>
    <subfield code="t">العقيدة الواسطية --</subfield>
    <subfield code="g">الجزء الأول، الرسالة العاشرة.</subfield>
    <subfield code="t">المناظرة في العقيدة الواسطية --</subfield>
    <subfield code="g">الجزء الأول، الرسالة الحادية عسر.</subfield>
    <subfield code="t">العقيدة الحموية الكبرى --</subfield>
    <subfield code="g">الجزء الأول، الرسالة الثانية عشر.</subfield>
    <subfield code="t">الإستغاثة --</subfield>
    <subfield code="g">الجزء الثاني، الرسالة الأولى.</subfield>
    <subfield code="t">الإكليل في المتشابه والتأويل --</subfield>
    <subfield code="g">الجزء الثاني، الرسالة الثانية.</subfield>
    <subfield code="t">الحلال --</subfield>
    <subfield code="g">الجزء الثاني، الرسالة الثالثة.</subfield>
    <subfield code="t">في زيارة بيت المقدس --</subfield>
    <subfield code="g">الجزء الثاني، الرسالة الرابعة.</subfield>
    <subfield code="t">مراتب الإدارة --</subfield>
    <subfield code="g">الجزء الثاني، الرسالة الخامسة.</subfield>
    <subfield code="t">القضاء والقدر --</subfield>
    <subfield code="g">الجزء الثاني، الرسالة السادسة.</subfield>
    <subfield code="t">الإحتجاج بالقدر --</subfield>
    <subfield code="g">الجزء الثاني، الرسالة السابعة.</subfield>
    <subfield code="t">درجات اليقين --</subfield>
    <subfield code="g">الجزء الثاني، الرسالة الثامنة.</subfield>
    <subfield code="t">بيان الهدى من الضلال --</subfield>
    <subfield code="g">الجزء الثاني، الرسالة التاسعة.</subfield>
    <subfield code="t">في سنة الجمعة --</subfield>
    <subfield code="g">الجزء الثاني، الرسالة العاشرة.</subfield>
    <subfield code="t">تفسير المعوذتين --</subfield>
    <subfield code="g">الجزء الثاني، الرسالة الحادية عشر.</subfield>
    <subfield code="t">العقود المحرمة --</subfield>
    <subfield code="g">الجزء الثاني، الرسالة الثانية عشر.</subfield>
    <subfield code="t">في معنى القياس --</subfield>
    <subfield code="g">الجزء الثاني، الرسالة الثالثة عشر.</subfield>
    <subfield code="t">في السماع والرقص --</subfield>
    <subfield code="g">الجزء الثاني، الرسالة الرابعة عشر.</subfield>
    <subfield code="t">في الكلام على الفطرة --</subfield>
    <subfield code="g">الجزء الثاني، الرسالة الخامسة عشر.</subfield>
    <subfield code="t">في الكلام على القصاص --</subfield>
    <subfield code="g">الجزء الثاني، الرسالة السادسة عشر.</subfield>
    <subfield code="t">الكلام في مناسك الحج. </subfield>
  </datafield>
  <datafield tag="650" ind1=" " ind2="4">
    <subfield code="a">الفقه الاسلامي</subfield>
    <subfield code="v">اعمال قديمة حتى 1800.</subfield>
  </datafield>
  <datafield tag="650" ind1=" " ind2="4">
    <subfield code="a">الاسلام</subfield>
    <subfield code="x">عقائد</subfield>
    <subfield code="v">اعمال قديمة حتى 1800.</subfield>
  </datafield>
  <datafield tag="650" ind1=" " ind2="4">
    <subfield code="a">الفلسفة الاسلامية</subfield>
    <subfield code="v">اعمال قديمة حتى 1800.</subfield>
  </datafield>
  <datafield tag="650" ind1=" " ind2="0">
    <subfield code="a">Islamic law</subfield>
    <subfield code="v">Early works to 1800.</subfield>
  </datafield>
  <datafield tag="650" ind1=" " ind2="0">
    <subfield code="a">Islam</subfield>
    <subfield code="x">Doctrines</subfield>
    <subfield code="v">Early works to 1800.</subfield>
  </datafield>
  <datafield tag="650" ind1=" " ind2="0">
    <subfield code="a">Islamic philosophy</subfield>
    <subfield code="v">Early works to 1800.</subfield>
  </datafield>
  <datafield tag="852" ind1=" " ind2=" ">
    <subfield code="a">Jafet Library</subfield>
    <subfield code="e">American University of Beirut, Bliss Street , Beirut, Lebanon.</subfield>
  </datafield>
  <datafield tag="880" ind1="1" ind2=" ">
    <subfield code="6">100-01/(3/r</subfield>
    <subfield code="a">ابن تيمية، احمد بن عبد الحليم،</subfield>
    <subfield code="d">1263-1328،</subfield>
    <subfield code="e">مؤلف. </subfield>
    <subfield code="4">aut.</subfield>
  </datafield>
  <datafield tag="880" ind1="1" ind2="0">
    <subfield code="6">245-02/(3/r</subfield>
    <subfield code="a">مجموعة الرسائل الكبرى /</subfield>
    <subfield code="c">تأليف شيخ الإسلام تقي الدين أبي العباس أحمد بن عبد الحليم إبن عبد السلام بن تيمية الحراني الدمشقي المتوفى سنة 728.</subfield>
  </datafield>
  <datafield tag="880" ind1=" " ind2=" ">
    <subfield code="6">250-03/(3/r</subfield>
    <subfield code="a">الطبعة الأولى.</subfield>
  </datafield>
  <datafield tag="880" ind1=" " ind2="1">
    <subfield code="6">264-04/(3/r</subfield>
    <subfield code="a">مصر :</subfield>
    <subfield code="b">المطبعة العامرة الشرفية،</subfield>
    <subfield code="c">1322 [هـ.]، [1904؟ م.]</subfield>
  </datafield>
  <datafield tag="880" ind1=" " ind2=" ">
    <subfield code="6">300-05/(3/r</subfield>
    <subfield code="a">2 جزء ؛</subfield>
    <subfield code="c">24 سم</subfield>
  </datafield>
  <datafield tag="907" ind1=" " ind2=" ">
    <subfield code="a">.b1233246x</subfield>
    <subfield code="b">16-12-05</subfield>
    <subfield code="c">11-05-24</subfield>
  </datafield>
  <datafield tag="907" ind1=" " ind2=" ">
    <subfield code="a">.b1233246x</subfield>
    <subfield code="b">15-10-15</subfield>
    <subfield code="c">11-05-24</subfield>
  </datafield>
  <datafield tag="945" ind1=" " ind2=" ">
    <subfield code="f">J</subfield>
    <subfield code="a">297:I247mmA:v.1</subfield>
    <subfield code="g">1</subfield>
    <subfield code="i">00500640</subfield>
    <subfield code="j">.i1276484x</subfield>
    <subfield code="l">u0503</subfield>
  </datafield>
  <datafield tag="945" ind1=" " ind2=" ">
    <subfield code="f">J</subfield>
    <subfield code="a">297:I247mmA:v.2</subfield>
    <subfield code="g">1</subfield>
    <subfield code="i">00500641</subfield>
    <subfield code="j">.i20111344</subfield>
    <subfield code="l">u0503</subfield>
  </datafield>
  <datafield tag="998" ind1=" " ind2=" ">
    <subfield code="a">u05</subfield>
    <subfield code="b">97-01-31</subfield>
    <subfield code="c">m</subfield>
    <subfield code="d">a</subfield>
    <subfield code="e">-</subfield>
    <subfield code="f">ara</subfield>
    <subfield code="g">ua </subfield>
    <subfield code="h">0</subfield>
    <subfield code="i">1</subfield>
  </datafield>
</record>
</collection>
